<?xml version="1.0" encoding="UTF-8"?>
  <record xmlns="http://www.loc.gov/MARC21/slim" type="Authority">
    <leader>00000nz  a2200000nc 4500</leader>
    <controlfield tag="001">11855896X</controlfield>
    <controlfield tag="003">DE-101</controlfield>
    <controlfield tag="005">20220311161656.0</controlfield>
    <controlfield tag="008">880701n||azznnaabn           | aaa    |c</controlfield>
    <datafield tag="024" ind1="7" ind2=" ">
      <subfield code="a">11855896X</subfield>
      <subfield code="0">http://d-nb.info/gnd/11855896X</subfield>
      <subfield code="2">gnd</subfield>
    </datafield>
    <datafield tag="035" ind1=" " ind2=" ">
      <subfield code="a">(DE-101)11855896X</subfield>
    </datafield>
    <datafield tag="035" ind1=" " ind2=" ">
      <subfield code="a">(DE-588)11855896X</subfield>
    </datafield>
    <datafield tag="035" ind1=" " ind2=" ">
      <subfield code="z">(DE-588)1089927592</subfield>
    </datafield>
    <datafield tag="035" ind1=" " ind2=" ">
      <subfield code="z">(DE-588)188041265</subfield>
    </datafield>
    <datafield tag="035" ind1=" " ind2=" ">
      <subfield code="z">(DE-588a)188041265</subfield>
      <subfield code="9">v:zg</subfield>
    </datafield>
    <datafield tag="035" ind1=" " ind2=" ">
      <subfield code="z">(DE-588)186602456</subfield>
    </datafield>
    <datafield tag="035" ind1=" " ind2=" ">
      <subfield code="z">(DE-588a)186602456</subfield>
      <subfield code="9">v:zg</subfield>
    </datafield>
    <datafield tag="035" ind1=" " ind2=" ">
      <subfield code="z">(DE-588)172164141</subfield>
    </datafield>
    <datafield tag="035" ind1=" " ind2=" ">
      <subfield code="z">(DE-588a)172164141</subfield>
      <subfield code="9">v:zg</subfield>
    </datafield>
    <datafield tag="035" ind1=" " ind2=" ">
      <subfield code="z">(DE-588a)11855896X</subfield>
      <subfield code="9">v:zg</subfield>
    </datafield>
    <datafield tag="035" ind1=" " ind2=" ">
      <subfield code="z">(DE-588a)139341404</subfield>
    </datafield>
    <datafield tag="035" ind1=" " ind2=" ">
      <subfield code="z">(DE-588c)4029073-6</subfield>
      <subfield code="9">v:zg</subfield>
    </datafield>
    <datafield tag="040" ind1=" " ind2=" ">
      <subfield code="a">DE-101</subfield>
      <subfield code="c">DE-101</subfield>
      <subfield code="9">r:DE-384</subfield>
      <subfield code="b">ger</subfield>
      <subfield code="d">9999</subfield>
      <subfield code="e">rda</subfield>
    </datafield>
    <datafield tag="042" ind1=" " ind2=" ">
      <subfield code="a">gnd1</subfield>
    </datafield>
    <datafield tag="043" ind1=" " ind2=" ">
      <subfield code="c">XU</subfield>
    </datafield>
    <datafield tag="065" ind1=" " ind2=" ">
      <subfield code="a">16.5p</subfield>
      <subfield code="2">sswd</subfield>
    </datafield>
    <datafield tag="075" ind1=" " ind2=" ">
      <subfield code="b">p</subfield>
      <subfield code="2">gndgen</subfield>
    </datafield>
    <datafield tag="075" ind1=" " ind2=" ">
      <subfield code="b">piz</subfield>
      <subfield code="2">gndspec</subfield>
    </datafield>
    <datafield tag="079" ind1=" " ind2=" ">
      <subfield code="a">g</subfield>
      <subfield code="q">a</subfield>
      <subfield code="q">f</subfield>
      <subfield code="q">n</subfield>
      <subfield code="q">s</subfield>
      <subfield code="u">v</subfield>
      <subfield code="u">w</subfield>
      <subfield code="u">o</subfield>
    </datafield>
    <datafield tag="100" ind1="0" ind2=" ">
      <subfield code="a">Justinian</subfield>
      <subfield code="b">I.</subfield>
      <subfield code="c">Byzantinisches Reich, Kaiser</subfield>
      <subfield code="d">482-565</subfield>
    </datafield>
    <datafield tag="375" ind1=" " ind2=" ">
      <subfield code="a">1</subfield>
      <subfield code="2">iso5218</subfield>
    </datafield>
    <datafield tag="400" ind1="0" ind2=" ">
      <subfield code="9">L:fre</subfield>
      <subfield code="a">Justinien</subfield>
      <subfield code="b">I</subfield>
      <subfield code="c">Empire Byzantin, Empereur</subfield>
      <subfield code="d">482-565</subfield>
      <subfield code="5">CH-GND</subfield>
    </datafield>
    <datafield tag="400" ind1="0" ind2=" ">
      <subfield code="9">L:eng</subfield>
      <subfield code="a">Justinian</subfield>
      <subfield code="b">I</subfield>
      <subfield code="c">Emperor of the Byzantine Empire</subfield>
      <subfield code="d">482-565</subfield>
      <subfield code="5">CH-GND</subfield>
    </datafield>
    <datafield tag="400" ind1="0" ind2=" ">
      <subfield code="a">Iustinianus</subfield>
      <subfield code="b">I.</subfield>
      <subfield code="c">Imperium Byzantinum, Imperator</subfield>
      <subfield code="d">482-565</subfield>
    </datafield>
    <datafield tag="400" ind1="0" ind2=" ">
      <subfield code="a">Iustinianus</subfield>
      <subfield code="c">Augustus</subfield>
      <subfield code="d">482-565</subfield>
    </datafield>
    <datafield tag="400" ind1="0" ind2=" ">
      <subfield code="a">Iustinianus</subfield>
      <subfield code="c">Constantinopolitanus</subfield>
      <subfield code="d">482-565</subfield>
    </datafield>
    <datafield tag="400" ind1="0" ind2=" ">
      <subfield code="a">Iustinianus</subfield>
      <subfield code="c">Imperator</subfield>
      <subfield code="d">482-565</subfield>
    </datafield>
    <datafield tag="400" ind1="0" ind2=" ">
      <subfield code="a">Justinianus</subfield>
      <subfield code="c">Imperator</subfield>
      <subfield code="d">482-565</subfield>
    </datafield>
    <datafield tag="400" ind1="0" ind2=" ">
      <subfield code="a">Justinianus</subfield>
      <subfield code="b">I.</subfield>
      <subfield code="c">Imperator</subfield>
      <subfield code="d">482-565</subfield>
    </datafield>
    <datafield tag="400" ind1="0" ind2=" ">
      <subfield code="a">Justinianus</subfield>
      <subfield code="b">I.</subfield>
      <subfield code="c">Imperium Byzantinum, Imperator</subfield>
      <subfield code="d">482-565</subfield>
    </datafield>
    <datafield tag="400" ind1="1" ind2=" ">
      <subfield code="a">Iustinianus, Flavius Petrus</subfield>
      <subfield code="d">482-565</subfield>
    </datafield>
    <datafield tag="400" ind1="1" ind2=" ">
      <subfield code="a">Iustinianus, Flavius Sabbatius</subfield>
      <subfield code="d">482-565</subfield>
    </datafield>
    <datafield tag="400" ind1="1" ind2=" ">
      <subfield code="a">Sabbatius Iustinianus, Flavius</subfield>
      <subfield code="d">482-565</subfield>
    </datafield>
    <datafield tag="400" ind1="0" ind2=" ">
      <subfield code="a">Justinian</subfield>
      <subfield code="c">der Große</subfield>
      <subfield code="d">482-565</subfield>
    </datafield>
    <datafield tag="400" ind1="1" ind2=" ">
      <subfield code="a">Justinianus, Flavius</subfield>
      <subfield code="d">482-565</subfield>
    </datafield>
    <datafield tag="400" ind1="0" ind2=" ">
      <subfield code="a">Justinien</subfield>
      <subfield code="b">I.</subfield>
      <subfield code="c">Empereur de l'Empire byzantin</subfield>
      <subfield code="d">482-565</subfield>
    </datafield>
    <datafield tag="400" ind1="0" ind2=" ">
      <subfield code="a">Flavius</subfield>
      <subfield code="c">Iustinianus</subfield>
      <subfield code="d">482-565</subfield>
    </datafield>
    <datafield tag="400" ind1="0" ind2=" ">
      <subfield code="a">Flavius</subfield>
      <subfield code="c">Sabbatius Iustinianus</subfield>
      <subfield code="d">482-565</subfield>
    </datafield>
    <datafield tag="400" ind1="0" ind2=" ">
      <subfield code="a">Flavius Petrus</subfield>
      <subfield code="c">Sabbatius Iustinianus</subfield>
      <subfield code="d">482-565</subfield>
    </datafield>
    <datafield tag="400" ind1="0" ind2=" ">
      <subfield code="a">Petrus</subfield>
      <subfield code="c">Sabbatius</subfield>
      <subfield code="d">482-565</subfield>
    </datafield>
    <datafield tag="400" ind1="0" ind2=" ">
      <subfield code="a">Iustinianus</subfield>
      <subfield code="c">Princeps</subfield>
      <subfield code="d">482-565</subfield>
    </datafield>
    <datafield tag="400" ind1="0" ind2=" ">
      <subfield code="a">Giustiniano</subfield>
      <subfield code="c">Imperatore</subfield>
      <subfield code="d">482-565</subfield>
    </datafield>
    <datafield tag="400" ind1="1" ind2=" ">
      <subfield code="a">Justinianus, Augustus</subfield>
      <subfield code="d">482-565</subfield>
    </datafield>
    <datafield tag="400" ind1="1" ind2=" ">
      <subfield code="a">Iustinianus, Augustus</subfield>
      <subfield code="d">482-565</subfield>
    </datafield>
    <datafield tag="400" ind1="1" ind2=" ">
      <subfield code="a">Iustinianus, Flavius S.</subfield>
      <subfield code="d">482-565</subfield>
    </datafield>
    <datafield tag="400" ind1="0" ind2=" ">
      <subfield code="a">Flavius Petrus Sabbatius Iustinianus</subfield>
      <subfield code="d">482-565</subfield>
    </datafield>
    <datafield tag="400" ind1="1" ind2=" ">
      <subfield code="a">Iustinianus, Flavius P.</subfield>
      <subfield code="d">482-565</subfield>
    </datafield>
    <datafield tag="400" ind1="0" ind2=" ">
      <subfield code="a">Justinian</subfield>
      <subfield code="c">Emperor</subfield>
      <subfield code="d">482-565</subfield>
    </datafield>
    <datafield tag="400" ind1="0" ind2=" ">
      <subfield code="a">Iustinianus</subfield>
      <subfield code="b">I</subfield>
      <subfield code="c">Kaiser des Byzantinischen Reiches</subfield>
      <subfield code="d">482-565</subfield>
    </datafield>
    <datafield tag="400" ind1="0" ind2=" ">
      <subfield code="a">Justinianus</subfield>
      <subfield code="b">I</subfield>
      <subfield code="c">Emperor of the Byzantine Empire</subfield>
      <subfield code="d">482-565</subfield>
    </datafield>
    <datafield tag="400" ind1="1" ind2=" ">
      <subfield code="a">Iustinianus, Flavius</subfield>
      <subfield code="d">482-565</subfield>
    </datafield>
    <datafield tag="400" ind1="0" ind2=" ">
      <subfield code="a">Justinian</subfield>
      <subfield code="b">I</subfield>
      <subfield code="c">Kaiser des Byzantinischen Reiches</subfield>
      <subfield code="d">482-565</subfield>
    </datafield>
    <datafield tag="400" ind1="0" ind2=" ">
      <subfield code="a">Justinien</subfield>
      <subfield code="b">I</subfield>
      <subfield code="c">Kaiser des Byzantinischen Reiches</subfield>
      <subfield code="d">482-565</subfield>
    </datafield>
    <datafield tag="400" ind1="0" ind2=" ">
      <subfield code="a">Justinien</subfield>
      <subfield code="b">I</subfield>
      <subfield code="c">Emperor of the Byzantine Empire</subfield>
      <subfield code="d">482-565</subfield>
    </datafield>
    <datafield tag="400" ind1="1" ind2=" ">
      <subfield code="a">Justinianus, Flavius Petrus Sabbatius</subfield>
      <subfield code="d">482-565</subfield>
    </datafield>
    <datafield tag="400" ind1="0" ind2=" ">
      <subfield code="a">Justinianus</subfield>
      <subfield code="b">I</subfield>
      <subfield code="c">Kaiser des Byzantinischen Reiches</subfield>
      <subfield code="d">482-565</subfield>
    </datafield>
    <datafield tag="400" ind1="0" ind2=" ">
      <subfield code="a">Justinianus</subfield>
      <subfield code="b">I</subfield>
      <subfield code="c">Empereur de l'Empire byzantin</subfield>
      <subfield code="d">482-565</subfield>
    </datafield>
    <datafield tag="400" ind1="0" ind2=" ">
      <subfield code="a">Justinian</subfield>
      <subfield code="b">I</subfield>
      <subfield code="c">Emperor of the Byzantine Empire</subfield>
      <subfield code="d">482-565</subfield>
    </datafield>
    <datafield tag="400" ind1="0" ind2=" ">
      <subfield code="a">Justinian</subfield>
      <subfield code="c">der Grosse, Kaiser des Byzantinischen Reiches</subfield>
      <subfield code="d">482-565</subfield>
    </datafield>
    <datafield tag="400" ind1="0" ind2=" ">
      <subfield code="a">Justinien</subfield>
      <subfield code="b">I</subfield>
      <subfield code="c">Empereur de l'Empire byzantin</subfield>
      <subfield code="d">482-565</subfield>
    </datafield>
    <datafield tag="400" ind1="0" ind2=" ">
      <subfield code="a">Justinianus</subfield>
      <subfield code="c">Augustus</subfield>
      <subfield code="d">482-565</subfield>
    </datafield>
    <datafield tag="400" ind1="0" ind2=" ">
      <subfield code="a">Justinianus</subfield>
      <subfield code="c">Constantinopolitanus</subfield>
      <subfield code="d">482-565</subfield>
    </datafield>
    <datafield tag="400" ind1="0" ind2=" ">
      <subfield code="a">Justinianus</subfield>
      <subfield code="b">I</subfield>
      <subfield code="c">Kaiser des Byzantinischen Reichs</subfield>
      <subfield code="d">482-565</subfield>
    </datafield>
    <datafield tag="400" ind1="0" ind2=" ">
      <subfield code="a">Justinian</subfield>
      <subfield code="c">der Grosse</subfield>
      <subfield code="d">482-565</subfield>
    </datafield>
    <datafield tag="548" ind1=" " ind2=" ">
      <subfield code="a">482-565</subfield>
      <subfield code="4">datl</subfield>
      <subfield code="4">https://d-nb.info/standards/elementset/gnd#dateOfBirthAndDeath</subfield>
      <subfield code="w">r</subfield>
      <subfield code="i">Lebensdaten</subfield>
      <subfield code="9">v:Geburtsjahr evtl. 483</subfield>
    </datafield>
    <datafield tag="550" ind1=" " ind2=" ">
      <subfield code="0">(DE-101)041141237</subfield>
      <subfield code="0">(DE-588)4114123-4</subfield>
      <subfield code="0">https://d-nb.info/gnd/4114123-4</subfield>
      <subfield code="a">Kaiser</subfield>
      <subfield code="4">berc</subfield>
      <subfield code="4">https://d-nb.info/standards/elementset/gnd#professionOrOccupation</subfield>
      <subfield code="w">r</subfield>
      <subfield code="i">Charakteristischer Beruf</subfield>
    </datafield>
    <datafield tag="667" ind1=" " ind2=" ">
      <subfield code="a">12-PMA</subfield>
    </datafield>
    <datafield tag="667" ind1=" " ind2=" ">
      <subfield code="a">12</subfield>
    </datafield>
    <datafield tag="667" ind1=" " ind2=" ">
      <subfield code="a">384</subfield>
    </datafield>
    <datafield tag="667" ind1=" " ind2=" ">
      <subfield code="a">7</subfield>
    </datafield>
    <datafield tag="667" ind1=" " ind2=" ">
      <subfield code="a">VD-17</subfield>
    </datafield>
    <datafield tag="667" ind1=" " ind2=" ">
      <subfield code="a">Maschinell verknuepft mit DBL-Retro-Titeldaten</subfield>
    </datafield>
    <datafield tag="670" ind1=" " ind2=" ">
      <subfield code="a">B Wissen</subfield>
    </datafield>
    <datafield tag="670" ind1=" " ind2=" ">
      <subfield code="a">CSGL</subfield>
    </datafield>
    <datafield tag="670" ind1=" " ind2=" ">
      <subfield code="a">Lex. MA,V,821-822</subfield>
    </datafield>
    <datafield tag="670" ind1=" " ind2=" ">
      <subfield code="a">M</subfield>
    </datafield>
    <datafield tag="672" ind1=" " ind2="0">
      <subfield code="a">Instituta</subfield>
      <subfield code="f">1536</subfield>
    </datafield>
    <datafield tag="672" ind1=" " ind2="0">
      <subfield code="a">Iustiniani basileōs Nomoi geōrgikoi</subfield>
      <subfield code="f">1542</subfield>
    </datafield>
    <datafield tag="672" ind1=" " ind2="0">
      <subfield code="a">Institutiones iuris civilis</subfield>
      <subfield code="f">1546</subfield>
    </datafield>
    <datafield tag="672" ind1=" " ind2="0">
      <subfield code="a">Authenticae, seu novellae constitutiones Dn. Iustiniani sacratis. principis</subfield>
      <subfield code="f">1619</subfield>
    </datafield>
    <datafield tag="672" ind1=" " ind2="0">
      <subfield code="a">Corpus iuris civilis</subfield>
      <subfield code="f">1626</subfield>
    </datafield>
    <datafield tag="672" ind1=" " ind2="0">
      <subfield code="a">Codex Dn. Iustiniani sacratissimi principis pp. aug. repetitae praelectionis</subfield>
      <subfield code="f">1688</subfield>
    </datafield>
    <datafield tag="672" ind1=" " ind2="0">
      <subfield code="a">Corpus iuris civilis Romani</subfield>
      <subfield code="f">1705</subfield>
    </datafield>
    <datafield tag="672" ind1=" " ind2="0">
      <subfield code="a">Gaius: Gaii et Iustiniani institutiones iuris Romani</subfield>
      <subfield code="f">1829</subfield>
    </datafield>
    <datafield tag="672" ind1=" " ind2="0">
      <subfield code="a">Agapetus &lt;Constantinopolitanus&gt;: Erklärung der Vermahnungs-Capittel in Eyl gemacht ...</subfield>
    </datafield>
    <datafield tag="678" ind1=" " ind2=" ">
      <subfield code="b">Justinianus I. (röm. Kaiser 527-565), geb. als Flavius Petrus Sabbatius Iustinianus, ist der Auftraggeber des "Corpus Iuris Civilis", einer Kompilation des römischen Rechts. Alle diesbezüglichen Werke siehe unter: Corpus iuris civilis</subfield>
    </datafield>
    <datafield tag="913" ind1=" " ind2=" ">
      <subfield code="S">pnd</subfield>
      <subfield code="i">5</subfield>
      <subfield code="a">Iustinianus &lt;Imperium Byzantinum, Imperator, I.&gt;</subfield>
      <subfield code="0">(DE-588a)11855896X</subfield>
    </datafield>
    <datafield tag="913" ind1=" " ind2=" ">
      <subfield code="S">pnd</subfield>
      <subfield code="i">5</subfield>
      <subfield code="a">Justinian &lt;Byzantinisches Reich, Kaiser, I.&gt;</subfield>
      <subfield code="0">(DE-588a)11855896X</subfield>
    </datafield>
    <datafield tag="913" ind1=" " ind2=" ">
      <subfield code="S">pnd</subfield>
      <subfield code="i">5</subfield>
      <subfield code="a">Iustinianus &lt;Imperium Byzantinum, Imperator I.&gt;</subfield>
      <subfield code="0">(DE-588a)172164141</subfield>
    </datafield>
    <datafield tag="913" ind1=" " ind2=" ">
      <subfield code="S">pnd</subfield>
      <subfield code="i">5</subfield>
      <subfield code="a">Iustinianus &lt;Imperium Byzantinum, Imperator, I.&gt;</subfield>
      <subfield code="0">(DE-588a)186602456</subfield>
    </datafield>
    <datafield tag="913" ind1=" " ind2=" ">
      <subfield code="S">pnd</subfield>
      <subfield code="i">5</subfield>
      <subfield code="a">Iustinianus &lt;Imperator&gt;</subfield>
      <subfield code="0">(DE-588a)188041265</subfield>
    </datafield>
  </record>
